@online{cartpole,
	author={OpenAI},
	title = {Cartpole Documentation},
	url = {https://gym.openai.com/envs/CartPole-v0},
}

@online{state_def,
title = {gym/cartpole.py line 58},
url = {https://github.com/openai/gym/blob/master/gym/envs/classic_control/cartpole.py#L58},
}

@online{pg_lecture,
author = {John Schulman},
title = {Deep Reinforcement Learning (lecture 2)},
year = {2016},
url = {https://www.youtube.com/watch?v=oPGVsoBonLM},
OPTsubtitle = {From http://rll.berkeley.edu/deeprlcourse/ï»¿},
}

@article{og_cartpole,
author = {AG Barto, RS Sutton and CW Anderson},
title = {Neuronlike Adaptive Elements That Can Solve Difficult Learning Control Problem},
journaltitle = {IEEE Transactions on Systems, Man, and Cybernetics},
year = {1983}
}



@article{deep_pg,
author = {TP Lillicrap et. al.},
title = {Continuous control with deep reinforcement learning},
journaltitle = {Conference paper at ICLR 2016},
year = {2015}
}

@online{ddpg_blog,
author = {Patrick Emami},
title = {Deep Deterministic Policy Gradients in TensorFlow},
year = {2016},
url = {https://pemami4911.github.io/blog/2016/08/21/ddpg-rl.html}
}

@online{karp,
author = {Andrej Karpathy},
title = {Deep Reinforcement Learning: Pong from Pixels},
year = {2016},
url = {https://karpathy.github.io/2016/05/31/rl/}}

